@MISC{Bauke2007,
  author = {Heiko Bauke},
  title = {{\textsf{fancyunits}}},
  year = {2007},
  note = {\url{http://www.mpi-hd.mpg.de/personalhomes/bauke/LaTeX/Tips_und_Tricks/fancyunits/index.php}}
}

@MISC{BIPM2008,
  author = {{Conf\'erence G\'en\'erale des Poids et Mesures}},
  title = {{T}he {I}nternational {S}ystem of {U}nits ({SI})},
  year = {2008},
  note = {\url{http://www.bipm.org/en/si/}}
}

@MISC{Els2006,
  author = {D.~N.~J. Els},
  title = {{T}he {\textsf{SIstyle}} package},
  howpublished = {Available from {\CTAN}, \url{macros/latex/contrib/sistyle}},
  year = {2006},
  owner = {joseph},
  timestamp = {2008.04.20}
}

@MISC{Happel2005,
  author = {Patrick Happel},
  title = {{\textsf{unitsdef}}---{T}ypesetting units with {\LaTeXe}},
  howpublished = {Available from {\CTAN}, \url{macros/latex/contrib/unitsdef}},
  year = {2005},
  owner = {joseph},
  timestamp = {2008.04.20}
}

@MISC{Harders2008,
  author = {Harald Harders},
  title = {{T}he {\textsf{numprint}} package},
  howpublished = {Available from {\CTAN}, \url{macros/latex/contrib/numprint}},
  year = {2008},
  owner = {joseph},
  timestamp = {2008.04.20}
}

@MISC{Heldorn2007,
  author = {Marcel Heldorn},
  title = {{T}he {\textsf{SIunits}} package},
  howpublished = {Available from {\CTAN}, \url{macros/latex/contrib/siunits}},
  year = {2007},
  owner = {joseph},
  timestamp = {2008.04.20}
}

@MISC{NIST2008,
  author = {{National Institute of Standards and Technology}},
  title = {{I}nternational {S}ystem of {U}nits from {NIST}},
  year = {2008},
  note = {\url{http://physics.nist.gov/cuu/Units/index.html}}
}

@MISC{Reichert1998,
  author = {Alex Reichert},
  title = {{\textsf{units.sty}}---{\textsf{nicefrac.sty}}},
  howpublished = {Available from {\CTAN}, \url{macros/latex/contrib/units}},
  year = {1998},
  owner = {joseph},
  timestamp = {2008.04.20}
}