@ARTICLE{Alberti1992,
  author = {G. Alberti and M. Casciola and U. Costantino and A. Peraio and E.
	Montoneri},
  title = {{P}rotonic conductivity of layered zirconium phosphonates containing
	\ce{$-$SO3H} groups. {I}. {P}reparation and characterization of a
	mixed zirconium phosphonates of composition \ce{Zr(O3PR)_{0.73}(O3PR')_{1.27}.nH2O},
	with {R} = \ce{$-$C6H4-SO3H} and {R}' = -\ce{CH2-OH}},
  journal = {{S}olid {S}tate {I}onics},
  year = {1992},
  volume = {50},
  pages = {315--322},
  number = {3--4},
}

@ARTICLE{Alberti1996,
  author = {Giulio Alberti and Mario Casciola and Umberto Costantino and Riccardo
	Vivani},
  title = {{L}ayered and pillared metal({IV}) phosphates and phosphonates},
  journal = {{A}dv. {M}ater.},
  year = {1996},
  volume = {8},
  pages = {291--303},
  number = {4},
  doi = {10.1002/adma.19960080405},
}

@MISC{Arseneau2009,
  author = {Donald Arseneau},
  title = {{\textsf{cite}}},
  howpublished = {Available from {\CTAN}, \url{macros/latex/contrib/cite}},
  year = {2009}
}

@MISC{Carlisle1998,
  author = {Michael~C. Grant and David Carlisle},
  title = {The \textsf{PSfrag} system, version 3},
  howpublished = {Available from {\CTAN}, \url{macros/latex/contrib/psfrag}},
  year = {1998}
}

@MISC{Daly2009,
  author = {Patrick~W. Daly},
  title = {{N}atural {S}ciences {C}itations and {R}eferences},
  howpublished = {Available from {\CTAN}, \url{macros/latex/contrib/natbib}},
  year = {2009}
}

@MISC{Gasslein2008,
  author = {Rolf Niepraschk and Hubert G\"a{\ss}lein},
  title = {The \textsf{pst-pdf} package},
  howpublished = {Available from {\CTAN}, \url{macros/latex/contrib/pst-pdf}},
  year = {2008},
}

@MISC{Hensel2007,
  author = {Martin Hensel},
  title = {{T}he {\textsf{mhchem}} {B}undle},
  howpublished = {Available from {\CTAN}, \url{macros/latex/contrib/mhchem}},
  year = {2007}
}

@MISC{Lehman2009,
  author = {Philipp Lehman},
  title = {{T}he {\textsf{biblatex}} package},
  howpublished = {Available from {\CTAN}, \url{macros/latex/exptl/biblatex}},
  year = {2009}
}

@MISC{Ohl2005,
  author = {Thorsten Ohl},
  title = {\textsf{mcite}: Multiple Citations on One Key},
  howpublished = {Available from {\CTAN}, \url{macros/latex/contrib/mcite}},
  year = {2005}
}

@MISC{Pedersen2004,
  author = {Bj{\o}rn Pedersen},
  title = {{T}he {\textsf{bpchem}} package},
  howpublished = {Available from {\CTAN}, \url{macros/latex/contrib/bpchem}},
  year = {2004}
}

@MISC{Schenk2006,
  author = {Stephan Schenk},
  title = {{T}he {\textsf{chemcopounds}} package},
  howpublished = {Available from {\CTAN}, \url{macros/latex/contrib/chemcompounds}},
  year = {2006}
}

@MISC{Shell2008,
  author = {Michael Shell},
  title = {{M}citeplus: {E}nhanced {M}ulticitations},
  howpublished = {Available from {\CTAN}, \url{macros/latex/contrib/mciteplus}},
  year = {2008}
}
