This is an auxiliary file used by the `notes2bib' package.
 This file may safely be deleted. It will be recreated as required.

@Misc{Bibnote1,
presort = {mm},
key = {Bibnote1},
keywords = {bibnote},
note = {An example bibliographic note}
}

@Misc{Bibnote2,
presort = {mm},
key = {Bibnote2},
keywords = {bibnote},
note = {See \url {http://www.cambridgesoft.com}}
}

